@book{Goodfellow-et-al-2016,
  author =       {Goodfellow, Ian  and Bengio ,Yoshua and Courville, Aaron},
  title =        {Deep Learning},
  year =         2016,
  publisher =    {MIT Press},
  note =         {\url{http://www.deeplearningbook.org}},
  isbn={0-26-203561-8},
  edition   = 1,  
  pages =        329,
}

 @book{dinamic_rango,
    title = {Digital Image Processing},
    author = {Gonz\'alez, Rafael C.  and  Woods, Richard E.},
    publisher = {Pearson Prentice Hall},
    pages = {85},
    edition   = {3},	
	isbn = {0-13-168728-X},    
    year = {2008}
}

 @book{max_norm,
    title={Principles of Mathematical Analysis},
    author={Rudin, Walter},
    publisher={McGraw-Hill},
    pages={147-154},
    edition   = 3,
	isbn={0-07-054235-X},
    year={1976}
}

@article{fix_p,
  author  = {Cullen, Keith B. and Silvestre, Guenole C.M. and Hurley, Neil J. }, 
  title   = {Simulation Tools for Fixed Point DSP Algorithms and Architectures},
  journal = {International Journal of Signal Processing},
  year    = 2008,
  pages   = {199-203}, 
  volume  = 1,
  number  = 4
}

@mastersthesis{srntesis,
  title       = {An\'alisis del error en algoritmos de transmisi\'on de im\'agenes comprimidas con p\'erdida}, 
  author       = {Dionisio, Ram\'on, Hugo },
  school    = {Facultad de Inform\'atica, U.N.L.P},
  year         = 2002,
  address = {hramon@lidi.info.unlp.edu.ar}
}

@ARTICLE{Lecun-et-al-1998,
author={Lecun, Y.  and Bottou, L.  and Bengio, Y.  and Haffner, P. },
journal={Proceedings of the IEEE},
title={Gradient-based learning applied to document recognition},
year={1998},
volume={86},
number={11},
pages={2278-2324},
keywords={backpropagation;convolution;multilayer perceptrons;optical character recognition;2D shape variability;GTN;back-propagation;cheque reading;complex decision surface synthesis;convolutional neural network character recognizers;document recognition;document recognition systems;field extraction;gradient based learning technique;gradient-based learning;graph transformer networks;handwritten character recognition;handwritten digit recognition task;high-dimensional patterns;language modeling;multilayer neural networks;multimodule systems;performance measure minimization;segmentation recognition;Character recognition;Feature extraction;Hidden Markov models;Machine learning;Multi-layer neural network;Neural networks;Optical character recognition software;Optical computing;Pattern recognition;Principal component analysis},
doi={10.1109/5.726791},
ISSN={0018-9219},
month={Nov},
}


@techreport{paper1,
     title = {Implementation of 2D Convolution on FPGA, GPU and CPU},
     author = {Cope, Ben},
     group = {Department of Electrical & Electronic Engineering},
     year = {2010},
     institution = {UImperial College London},
     address = {benjamin.cope@imperial.ac.uk}
}

@mastersthesis{paper2,
  title       = {A Parallel FPGA
Implementation of Image
Convolution}, 
  author       = {Henrik Str\"om},
  school    = {Department of Electrical Engineering, Link\"oping University},
  year         = 2016,
}


@techreport{paper3,
     title = {Energy Efficient Image Convolution on FPGA},
     author = {Gupta, Agrim  and Prasanna, Viktor K.},
     group = {Department of Electrical Engineering},
     year = {2011},
     institution = {University of Southern California
Los Angeles, USA},
     address = {agrimgupta92@gmail.com, prasanna@usc.edu}
}
@mastersthesis{paper4,
  title       = {Parallel processing on FPGA for image convolution using Matlab}, 
  author       = {Ram\'irez, Diego and Romero, Ricardo  and Santa, Ferenando},
  school    = {Universidad Distrital Francisco Jos\'e de Caldas, Bogot\'a, Colombia},
  year         = 2015,
}

@article{paper5,
  author  = {kabbai, Leila and Sghaier, Anissa and Douik, Ali and Machhout, Mohsen }, 
  title   = {FPGA implementation of filtered image using 2D Gaussian filter},
  journal = {International Journal of Advanced Computer Science and Applications},
  year    = 2016,
  pages   = {514-520}, 
  volume  = 7,
  number  = 7
}
@inproceedings{papercnn,
 author = {Zhang, Chen and Li, Peng and Sun, Guangyu and Guan, Yijin and Xiao, Bingjun and Cong, Jason},
 title = {Optimizing FPGA-based Accelerator Design for Deep Convolutional Neural Networks},
 booktitle = {Proceedings of the 2015 ACM/SIGDA International Symposium on Field-Programmable Gate Arrays},
 series = {FPGA '15},
 year = {2015},
 isbn = {978-1-4503-3315-3},
 location = {Monterey, California, USA},
 pages = {161--170},
 numpages = {10},
 url = {http://doi.acm.org/10.1145/2684746.2689060},
 doi = {10.1145/2684746.2689060},
 acmid = {2689060},
 publisher = {ACM},
 address = {New York, NY, USA},
 keywords = {acceleration, convolutional neural network, fpga, roofline model},
}

@inproceedings{validconv,
  author    = {Saxe, Andrew M.  and
               Koh, Pang Wei  and
               Chen, Zhenghao  and
               Bhand, Maneesh and
               Suresh, Bipin  and
               Ng, Andrew Y.},
  title     = {On Random Weights and Unsupervised Feature Learning},
  booktitle = {{ICML}},
  pages     = {1089--1096},
  publisher = {Omnipress},
  year      = {2011}
}