 @book{Goodfellow-et-al-2016,
    title={Deep Learning},
    author={Ian Goodfellow and Yoshua Bengio and Aaron Courville},
    publisher={MIT Press},
    note={\url{http://www.deeplearningbook.org}},
    year={2016}
}
 @book{dinamic_rango,
    title={Digital Image Processing},
    author={Rafael C. Gonz\'alez, Richard Eugene Woods},
    publisher={Prentice Hall},
    pages={85},
	isbn={0-13-168728-X},    
    year={2007}
}

 @book{max_norm,
    title={Principles of Mathematical Analysis},
    author={Rudin, Walter},
    publisher={McGraw-Hill},
    pages={151},
	isbn={0-07-054235-X},    
    year={1964}
}

@article{fix_p,
  author  = {Keith B. Cullen, Guenole C.M. Silvestre and Neil J. Hurley}, 
  title   = {Simulation Tools for Fixed Point DSP Algorithms and Architectures},
  journal = {International Journal of Signal Processing},
  year    = 2008,
  pages   = {199-203}, 
  volume  = 1,
  number  = 4
}

@mastersthesis{srntesis,
  title       = {An\'alisis del error en algoritmos de transmisi\'on de im\'agenes comprimidas con p\'erdida}, 
  author       = {Ram\'on, Hugo Dionisio},
  school    = {Facultad de Inform\'atica, U.N.L.P},
  year         = 2002,
  address = {hramon@lidi.info.unlp.edu.ar}
}

@techreport{Lecun-et-al-1998,
title={Gradient-based learning applied to document recognition}
author={Y. LeCun, L. Bottou, Y. Bengio, and P. Haffner}
year={1998}
}


@techreport{paper1,
     title = {Implementation of 2D Convolution on FPGA, GPU and CPU},
     author = {Ben Cope},
     group = {Department of Electrical & Electronic Engineering},
     year = {2010},
     institution = {UImperial College London},
     address = {benjamin.cope@imperial.ac.uk}
}

@mastersthesis{paper2,
  title       = {A Parallel FPGA
Implementation of Image
Convolution}, 
  author       = {Henrik Str\"om},
  school    = {Department of Electrical Engineering, Link\"oping University,},
  year         = 2016,
}


@techreport{paper3,
     title = {Energy Efficient Image Convolution on FPGA},
     author = {Agrim Gupta and Viktor K. Prasanna},
     group = {Department of Electrical Engineering},
     year = {2011},
     institution = {University of Southern California
Los Angeles, USA},
     address = {agrimgupta92@gmail.com, prasanna@usc.edu}
}
@mastersthesis{paper4,
  title       = {Parallel processing on FPGA for image convolution using Matlab}, 
  author       = {Diego Ram\'irez, Ricardo Romero and Ferenando Santa},
  school    = {Universidad Distrital Francisco Jos\'e de Caldas, Bogot\'a, Colombia},
  year         = 2015,
}

@article{paper5,
  author  = {Leila kabbai, Anissa Sghaier, Ali Douik and Mohsen Machhout}, 
  title   = {FPGA implementation of filtered image using 2D Gaussian filter},
  journal = {International Journal of Advanced Computer Science and Applications},
  year    = 2016,
  pages   = {514-520}, 
  volume  = 7,
  number  = 7
}